<record><leader>00000cas a2200000 a 4500</leader><controlfield tag="001">10291685</controlfield><controlfield tag="008">840112d19411948ohuwr ne      0    0eng c</controlfield><datafield ind1=" " ind2=" " tag="010"><subfield code="a">sn 84028004 </subfield></datafield><datafield ind1=" " ind2=" " tag="040"><subfield code="a">NPY</subfield><subfield code="b">eng</subfield><subfield code="c">NPY</subfield><subfield code="d">ONP</subfield><subfield code="d">CRL</subfield><subfield code="d">OCLCQ</subfield><subfield code="d">OCLCF</subfield><subfield code="d">OCLCO</subfield></datafield><datafield ind1=" " ind2=" " tag="042"><subfield code="a">pcc</subfield></datafield><datafield ind1=" " ind2=" " tag="043"><subfield code="a">n-us-oh</subfield></datafield><datafield ind1="0" ind2=" " tag="130"><subfield code="a">Lakewood post (Lakewood, Ohio : 1941)</subfield></datafield><datafield ind1="1" ind2="4" tag="245"><subfield code="a">The Lakewood post.</subfield></datafield><datafield ind1="1" ind2="7" tag="246"><subfield code="a">Lakewood post and West Shore post</subfield></datafield><datafield ind1=" " ind2=" " tag="260"><subfield code="a">Cleveland (Lakewood), Ohio :</subfield><subfield code="b">John Lewis Shissler and Ray David Hawley,</subfield><subfield code="c">1941-1948.</subfield></datafield><datafield ind1=" " ind2=" " tag="300"><subfield code="a">14 v. :</subfield><subfield code="b">ill.</subfield></datafield><datafield ind1=" " ind2=" " tag="310"><subfield code="a">Weekly</subfield></datafield><datafield ind1="0" ind2=" " tag="362"><subfield code="a">Vol. 16, no. 48 (Apr. 25, 1941)-v. 29, no. 48 (Feb. 27, 1948).</subfield></datafield><datafield ind1=" " ind2=" " tag="530"><subfield code="a">Also issued on microfilm from UMI.</subfield></datafield><datafield ind1=" " ind2="0" tag="651"><subfield code="a">Lakewood (Ohio)</subfield><subfield code="v">Newspapers.</subfield></datafield><datafield ind1=" " ind2="0" tag="651"><subfield code="a">Cuyahoga County (Ohio)</subfield><subfield code="v">Newspapers.</subfield></datafield><datafield ind1=" " ind2="7" tag="655"><subfield code="a">Newspapers.</subfield><subfield code="2">fast</subfield><subfield code="0">(OCoLC)fst01423814</subfield></datafield><datafield ind1=" " ind2="7" tag="651"><subfield code="a">Ohio</subfield><subfield code="z">Cuyahoga County.</subfield><subfield code="2">fast</subfield><subfield code="0">(OCoLC)fst01202752</subfield></datafield><datafield ind1=" " ind2="7" tag="651"><subfield code="a">Ohio</subfield><subfield code="z">Lakewood.</subfield><subfield code="2">fast</subfield><subfield code="0">(OCoLC)fst01227147</subfield></datafield><datafield ind1=" " ind2=" " tag="752"><subfield code="a">United States</subfield><subfield code="b">Ohio</subfield><subfield code="c">Cuyahoga</subfield><subfield code="d">Lakewood.</subfield></datafield><datafield ind1="0" ind2="0" tag="780"><subfield code="t">Lakewood post and West Shore post (Lakewood, Ohio : 1929)</subfield><subfield code="w">(DLC)sn 84028015</subfield><subfield code="w">(OCoLC)10331389</subfield></datafield><datafield ind1="0" ind2="0" tag="785"><subfield code="t">Lakewood post and West Shore post (Lakewood, Ohio : 1948)</subfield><subfield code="w">(DLC)sn 84028003</subfield><subfield code="w">(OCoLC)10291640</subfield></datafield></record>